<record><leader>00000cas a2200000 i 4500</leader><controlfield tag="001">880737920</controlfield><controlfield tag="006">m     o  d        </controlfield><controlfield tag="007">cr |||||||||||</controlfield><controlfield tag="008">140530d19451946ncuwr n o    f0    0eng c</controlfield><datafield ind1=" " ind2=" " tag="010"><subfield code="a">  2014236878</subfield></datafield><datafield ind1=" " ind2=" " tag="040"><subfield code="a">NOC</subfield><subfield code="b">eng</subfield><subfield code="e">rda</subfield><subfield code="e">pn</subfield><subfield code="c">NOC</subfield><subfield code="d">NOC</subfield><subfield code="d">OCLCO</subfield><subfield code="d">OCLCF</subfield></datafield><datafield ind1=" " ind2=" " tag="042"><subfield code="a">pcc</subfield></datafield><datafield ind1=" " ind2=" " tag="043"><subfield code="a">n-us---</subfield><subfield code="a">n-us-nc</subfield></datafield><datafield ind1=" " ind2=" " tag="090"><subfield code="a">UG634.5</subfield></datafield><datafield ind1="0" ind2="4" tag="245"><subfield code="a">The rotator.</subfield></datafield><datafield ind1=" " ind2="1" tag="264"><subfield code="3">Aug. 17, 1945-Feb. 15, 1946:</subfield><subfield code="a">Greensboro, N.C. :</subfield><subfield code="b">Army Air Forces Overseas Replacement Depot and AAF Redistribution Station No. 5,</subfield><subfield code="c">[1945]-[1946]</subfield></datafield><datafield ind1="2" ind2="1" tag="264"><subfield code="3">Feb. 22, 1946:</subfield><subfield code="a">AAF Overseas Replacement Depot</subfield></datafield><datafield ind1="2" ind2="1" tag="264"><subfield code="3">Mar. 1-Mar. 29, 1946:</subfield><subfield code="a">Army Air Forces Overseas Replacement Depot, First Air Force of the Continental Air Force</subfield></datafield><datafield ind1="2" ind2="1" tag="264"><subfield code="3">Apr. 5-Apr. 26, 1946:</subfield><subfield code="a">Army Air Forces Overseas Replacement Depot, Strategic Air Command</subfield></datafield><datafield ind1="2" ind2="1" tag="264"><subfield code="3">May 3-July 5, 1946:</subfield><subfield code="a">Army Air Forces Overseas Replacement Depot, AAF Training Command</subfield></datafield><datafield ind1="2" ind2="1" tag="264"><subfield code="3">July 12-Aug. 9, 1946:</subfield><subfield code="a">Army Air Forces Overseas Replacement Depot, Air Training Command</subfield></datafield><datafield ind1="3" ind2="1" tag="264"><subfield code="3">Aug. 16, 1946:</subfield><subfield code="a">Army Air Forces Overseas Replacement Depot, Air Defense Command</subfield></datafield><datafield ind1=" " ind2=" " tag="300"><subfield code="a">1 online resource (3 volumes) :</subfield><subfield code="b">illustrations</subfield></datafield><datafield ind1=" " ind2=" " tag="310"><subfield code="a">Weekly</subfield></datafield><datafield ind1=" " ind2=" " tag="336"><subfield code="a">text</subfield><subfield code="b">txt</subfield><subfield code="2">rdacontent</subfield></datafield><datafield ind1=" " ind2=" " tag="337"><subfield code="a">computer</subfield><subfield code="b">c</subfield><subfield code="2">rdamedia</subfield></datafield><datafield ind1=" " ind2=" " tag="338"><subfield code="a">online resource</subfield><subfield code="b">cr</subfield><subfield code="2">rdacarrier</subfield></datafield><datafield ind1="1" ind2=" " tag="362"><subfield code="a">Began with vol. 4, no. 16 (August 17, 1945); ceased with vol. 6, no. 1 (August 16, 1946).</subfield></datafield><datafield ind1=" " ind2=" " tag="588"><subfield code="a">Description based on: Vol. 4, no. 16 (August 17, 1945); title from caption.</subfield></datafield><datafield ind1=" " ind2=" " tag="588"><subfield code="a">Latest issue consulted: Vol. 6, no. 1 (August 16, 1946).</subfield></datafield><datafield ind1="2" ind2="0" tag="610"><subfield code="a">AAF Overseas Replacement Depot and AAF Redistribution Station No. 5 (U.S.)</subfield><subfield code="v">Periodicals.</subfield></datafield><datafield ind1="1" ind2="0" tag="610"><subfield code="a">United States.</subfield><subfield code="b">Army Air Forces.</subfield><subfield code="b">Personnel Distribution Command.</subfield><subfield code="b">Overseas Replacement Depot (Greensboro, N.C.)</subfield><subfield code="v">Periodicals.</subfield></datafield><datafield ind1="1" ind2="0" tag="610"><subfield code="a">United States.</subfield><subfield code="b">Army Air Forces.</subfield><subfield code="b">Air Force, First.</subfield><subfield code="b">Overseas Replacement Depot (Greensboro, N.C.)</subfield><subfield code="v">Periodicals.</subfield></datafield><datafield ind1="1" ind2="0" tag="610"><subfield code="a">United States.</subfield><subfield code="b">Army Air Forces.</subfield><subfield code="b">Strategic Air Command.</subfield><subfield code="b">Overseas Replacement Depot (Greensboro, N.C.)</subfield><subfield code="v">Periodicals.</subfield></datafield><datafield ind1="1" ind2="0" tag="610"><subfield code="a">United States.</subfield><subfield code="b">Army Air Forces.</subfield><subfield code="b">Training Command.</subfield><subfield code="b">Overseas Replacement Depot (Greensboro, N.C.)</subfield><subfield code="v">Periodicals.</subfield></datafield><datafield ind1="1" ind2="0" tag="610"><subfield code="a">United States.</subfield><subfield code="b">Army Air Forces.</subfield><subfield code="b">Air Training Command.</subfield><subfield code="b">Overseas Replacement Depot (Greensboro, N.C.)</subfield><subfield code="v">Periodicals.</subfield></datafield><datafield ind1="1" ind2="0" tag="610"><subfield code="a">United States.</subfield><subfield code="b">Army Air Forces.</subfield><subfield code="b">Air Defense Command.</subfield><subfield code="b">Overseas Replacement Depot (Greensboro, N.C.)</subfield><subfield code="v">Periodicals.</subfield></datafield><datafield ind1="1" ind2="0" tag="610"><subfield code="a">United States.</subfield><subfield code="b">Army Air Forces</subfield><subfield code="v">Periodicals.</subfield></datafield><datafield ind1=" " ind2="0" tag="650"><subfield code="a">Military camps</subfield><subfield code="z">North Carolina</subfield><subfield code="z">Greensboro</subfield><subfield code="v">Periodicals.</subfield></datafield><datafield ind1=" " ind2="0" tag="650"><subfield code="a">World War, 1939-1945</subfield><subfield code="z">North Carolina</subfield><subfield code="z">Greensboro</subfield><subfield code="v">Periodicals.</subfield></datafield><datafield ind1=" " ind2="7" tag="655"><subfield code="a">Periodicals.</subfield><subfield code="2">fast</subfield><subfield code="0">(OCoLC)fst01411641</subfield></datafield><datafield ind1="2" ind2="7" tag="610"><subfield code="a">AAF Overseas Replacement Depot and AAF Redistribution Station No. 5 (U.S.)</subfield><subfield code="2">fast</subfield><subfield code="0">(OCoLC)fst00758678</subfield></datafield><datafield ind1="1" ind2="7" tag="610"><subfield code="a">United States.</subfield><subfield code="b">Army Air Forces.</subfield><subfield code="2">fast</subfield><subfield code="0">(OCoLC)fst00549671</subfield></datafield><datafield ind1="1" ind2="7" tag="610"><subfield code="a">United States.</subfield><subfield code="b">Army Air Forces.</subfield><subfield code="b">Air Defense Command.</subfield><subfield code="b">Overseas Replacement Depot (Greensboro, N.C.)</subfield><subfield code="2">fast</subfield><subfield code="0">(OCoLC)fst00758680</subfield></datafield><datafield ind1="1" ind2="7" tag="610"><subfield code="a">United States.</subfield><subfield code="b">Army Air Forces.</subfield><subfield code="b">Air Force, First.</subfield><subfield code="b">Overseas Replacement Depot (Greensboro, N.C.)</subfield><subfield code="2">fast</subfield><subfield code="0">(OCoLC)fst00758683</subfield></datafield><datafield ind1="1" ind2="7" tag="610"><subfield code="a">United States.</subfield><subfield code="b">Army Air Forces.</subfield><subfield code="b">Air Training Command.</subfield><subfield code="b">Overseas Replacement Depot (Greensboro, N.C.)</subfield><subfield code="2">fast</subfield><subfield code="0">(OCoLC)fst00758682</subfield></datafield><datafield ind1="1" ind2="7" tag="610"><subfield code="a">United States.</subfield><subfield code="b">Army Air Forces.</subfield><subfield code="b">Personnel Distribution Command.</subfield><subfield code="b">Overseas Replacement Depot (Greensboro, N.C.)</subfield><subfield code="2">fast</subfield><subfield code="0">(OCoLC)fst00758679</subfield></datafield><datafield ind1="1" ind2="7" tag="610"><subfield code="a">United States.</subfield><subfield code="b">Army Air Forces.</subfield><subfield code="b">Strategic Air Command.</subfield><subfield code="b">Overseas Replacement Depot (Greensboro, N.C.)</subfield><subfield code="2">fast</subfield><subfield code="0">(OCoLC)fst00758684</subfield></datafield><datafield ind1="1" ind2="7" tag="610"><subfield code="a">United States.</subfield><subfield code="b">Army Air Forces.</subfield><subfield code="b">Training Command.</subfield><subfield code="b">Overseas Replacement Depot (Greensboro, N.C.)</subfield><subfield code="2">fast</subfield><subfield code="0">(OCoLC)fst00758676</subfield></datafield><datafield ind1="2" ind2="7" tag="611"><subfield code="a">World War (1939-1945)</subfield><subfield code="2">fast</subfield><subfield code="0">(OCoLC)fst01180924</subfield></datafield><datafield ind1=" " ind2="7" tag="648"><subfield code="a">1939 - 1945</subfield><subfield code="2">fast</subfield></datafield><datafield ind1=" " ind2="7" tag="650"><subfield code="a">Military camps.</subfield><subfield code="2">fast</subfield><subfield code="0">(OCoLC)fst01021054</subfield></datafield><datafield ind1=" " ind2="7" tag="651"><subfield code="a">North Carolina</subfield><subfield code="z">Greensboro.</subfield><subfield code="2">fast</subfield><subfield code="0">(OCoLC)fst01205296</subfield></datafield><datafield ind1="2" ind2=" " tag="710"><subfield code="a">AAF Overseas Replacement Depot and AAF Redistribution Station No. 5 (U.S.),</subfield><subfield code="e">issuing body.</subfield></datafield><datafield ind1="1" ind2=" " tag="710"><subfield code="a">United States.</subfield><subfield code="b">Army Air Forces.</subfield><subfield code="b">Personnel Distribution Command.</subfield><subfield code="b">Overseas Replacement Depot (Greensboro, N.C.),</subfield><subfield code="e">issuing body.</subfield></datafield><datafield ind1="1" ind2=" " tag="710"><subfield code="a">United States.</subfield><subfield code="b">Army Air Forces.</subfield><subfield code="b">Air Force, First.</subfield><subfield code="b">Overseas Replacement Depot (Greensboro, N.C.),</subfield><subfield code="e">issuing body.</subfield></datafield><datafield ind1="1" ind2=" " tag="710"><subfield code="a">United States.</subfield><subfield code="b">Army Air Forces.</subfield><subfield code="b">Strategic Air Command.</subfield><subfield code="b">Overseas Replacement Depot (Greensboro, N.C.),</subfield><subfield code="e">issuing body.</subfield></datafield><datafield ind1="1" ind2=" " tag="710"><subfield code="a">United States.</subfield><subfield code="b">Army Air Forces.</subfield><subfield code="b">Training Command.</subfield><subfield code="b">Overseas Replacement Depot (Greensboro, N.C.),</subfield><subfield code="e">issuing body.</subfield></datafield><datafield ind1="1" ind2=" " tag="710"><subfield code="a">United States.</subfield><subfield code="b">Army Air Forces.</subfield><subfield code="b">Air Training Command.</subfield><subfield code="b">Overseas Replacement Depot (Greensboro, N.C.),</subfield><subfield code="e">issuing body.</subfield></datafield><datafield ind1="1" ind2=" " tag="710"><subfield code="a">United States.</subfield><subfield code="b">Army Air Forces.</subfield><subfield code="b">Air Defense Command.</subfield><subfield code="b">Overseas Replacement Depot (Greensboro, N.C.),</subfield><subfield code="e">issuing body.</subfield></datafield><datafield ind1=" " ind2=" " tag="752"><subfield code="a">United States</subfield><subfield code="b">North Carolina</subfield><subfield code="c">Guilford</subfield><subfield code="d">Greensboro.</subfield></datafield><datafield ind1="0" ind2="8" tag="776"><subfield code="i">Print version:</subfield><subfield code="t">Rotator</subfield><subfield code="w">(DLC)   00225857</subfield><subfield code="w">(OCoLC)45046006</subfield></datafield><datafield ind1="0" ind2="0" tag="780"><subfield code="t">ORD news</subfield><subfield code="w">(DLC)  2014236879</subfield><subfield code="w">(OCoLC)880737808</subfield></datafield><datafield ind1="4" ind2="0" tag="856"><subfield code="u">http://www.digitalnc.org/newspapers/greensboro-world-war-ii-military-base-newspaper/</subfield></datafield></record>